11111111111111111111111111111111111111111111111111
10000000000000000000001000000000000000000000000001
10000000000000000000001000000000000000000000000001
10000000000000000000002000000000000000000000000001
10000000000000000000001000000000000000000000000001
10000000000000000000001000000000000000000000000001
10000000000000000000001111111111111121111111111111
10000000000000000000001000000000000000000000000001
10000000000000000000001000000000000000000000000001
10000000000000000000002000000000000000000000000001
10000000000000000000001000000000000000000000000001
10000000000000000000001000000000000000000000000001
11111111121111111111111111111111111121111111111111
33333333333333333333333333333333333333333333333333
33333333333333333333333333333333333333333333333333
33333333333333333333333333333333333333333333333333
33333333333333333333333333333333333333333333333333
33333333333333333333333333333333333333333333333333
33333333333333333333333333333333333333333333333333
33333333333333333333333333333333333333333333333333
33333333333333333333356673333333333333333333333333
33333333333333333333333333333333333333333333333333
